<mx:record xmlns="http://www.w3.org/TR/xhtml1/strict" xmlns:mx="http://www.loc.gov/MARC21/slim" xmlns:xsi="http://www.w3.org/2001/XMLSchema-instance"><mx:leader>00000cz  a2200000n  45 0</mx:leader><mx:controlfield tag="001">oca04095801 </mx:controlfield><mx:controlfield tag="005">19960615052941.7</mx:controlfield><mx:controlfield tag="008">960430n| acannaab|          |a aaa     c</mx:controlfield><mx:datafield ind1=" " ind2=" " tag="010"><mx:subfield code="a">nr 96016542</mx:subfield></mx:datafield><mx:datafield ind1=" " ind2=" " tag="040"><mx:subfield code="a">CSt</mx:subfield><mx:subfield code="c">CSt</mx:subfield><mx:subfield code="d">CSt</mx:subfield><mx:subfield code="d">CSt</mx:subfield></mx:datafield><mx:datafield ind1="0" ind2=" " tag="100"><mx:subfield code="a">Hypsicles,</mx:subfield><mx:subfield code="c">of Alexandria</mx:subfield></mx:datafield><mx:datafield ind1="1" ind2=" " tag="400"><mx:subfield code="a">Alexandria, Hypsicles of</mx:subfield></mx:datafield><mx:datafield ind1="0" ind2=" " tag="400"><mx:subfield code="a">Hypsicles,</mx:subfield><mx:subfield code="c">Alexandrini</mx:subfield></mx:datafield><mx:datafield ind1="1" ind2=" " tag="400"><mx:subfield code="a">Alexandrini, Hypsicles</mx:subfield></mx:datafield><mx:datafield ind1=" " ind2=" " tag="670"><mx:subfield code="a">Elementa geometria, 1482</mx:subfield><mx:subfield code="b">(name not given)</mx:subfield></mx:datafield><mx:datafield ind1=" " ind2=" " tag="670"><mx:subfield code="a">RLIN, 4/30/96</mx:subfield><mx:subfield code="b">(hdg.: Hypsicles; Hypsicles, of Alexandria; usage: ... Hypsiclis Alexandrini)</mx:subfield></mx:datafield><mx:datafield ind1=" " ind2=" " tag="670"><mx:subfield code="a">Dict. of scientific biog.</mx:subfield><mx:subfield code="b">(Hypsicles, of Alexandria; fl. Alexandria, first half of 2nd cent. B.C.; mathematician; astronomer; regarded by many as the author of Book XIV of Euclid's Elements)</mx:subfield></mx:datafield><mx:datafield ind1=" " ind2=" " tag="670"><mx:subfield code="a">Prominent scientists, c1994</mx:subfield><mx:subfield code="b">(Hypsicles, of Alexandria)</mx:subfield></mx:datafield><mx:datafield ind1=" " ind2=" " tag="999"><mx:subfield code="a">654</mx:subfield></mx:datafield></mx:record>